@inproceedings{ucl2018,
  title           = "{UCL} Machine Reading Group: Four Factor Framework For Fact
                  Finding ({H}exa{F})",
  author          = "Yoneda, Takuma and Mitchell, Jeff and Welbl, Johannes and
                  Stenetorp, Pontus and Riedel, Sebastian",
  booktitle       = "Proceedings of the First Workshop on Fact Extraction and
                  {VER}ification ({FEVER})",
  month           = nov,
  year            = 2018,
  address         = "Brussels, Belgium",
  publisher       = "Association for Computational Linguistics",
  url             = "https://www.aclweb.org/anthology/W18-5515",
  doi             = "10.18653/v1/W18-5515",
  pages           = "97--102",
}

@misc{unc2018,
  title           = {Combining Fact Extraction and Verification with Neural
                  Semantic Matching Networks},
  author          = {Yixin Nie and Haonan Chen and Mohit Bansal},
  year            = 2018,
  eprint          = {1811.07039},
  archivePrefix   = {arXiv},
  primaryClass    = {cs.CL}
}

@misc{fever2018,
  title           = {FEVER: a large-scale dataset for Fact Extraction and
                  VERification},
  author          = {James Thorne and Andreas Vlachos and Christos
                  Christodoulopoulos and Arpit Mittal},
  year            = 2018,
  eprint          = {1803.05355},
  archivePrefix   = {arXiv},
  primaryClass    = {cs.CL}
}

@inproceedings{sbert,
    title = "Sentence-BERT: Sentence Embeddings using Siamese BERT-Networks",
    author = "Reimers, Nils and Gurevych, Iryna",
    booktitle = "Proceedings of the 2019 Conference on Empirical Methods in Natural Language Processing",
    month = 11,
    year = 2019,
    publisher = "Association for Computational Linguistics",
    url = "https://arxiv.org/abs/1908.10084",
}
@misc{adam,
      title={Adam: A Method for Stochastic Optimization},
      author={Diederik P. Kingma and Jimmy Ba},
      year={2017},
      eprint={1412.6980},
      archivePrefix={arXiv},
      primaryClass={cs.LG}
}
@misc{feng2020languageagnostic,
      title={Language-agnostic BERT Sentence Embedding},
      author={Fangxiaoyu Feng and Yinfei Yang and Daniel Cer and Naveen Arivazhagan and Wei Wang},
      year={2020},
      eprint={2007.01852},
      archivePrefix={arXiv},
      primaryClass={cs.CL}
}
@misc{chen2017reading,
      title={Reading Wikipedia to Answer Open-Domain Questions},
      author={Danqi Chen and Adam Fisch and Jason Weston and Antoine Bordes},
      year={2017},
      eprint={1704.00051},
      archivePrefix={arXiv},
      primaryClass={cs.CL}
}

@misc{parikh2016decomposable,
      title={A Decomposable Attention Model for Natural Language Inference},
      author={Ankur P. Parikh and Oscar Täckström and Dipanjan Das and Jakob Uszkoreit},
      year={2016},
      eprint={1606.01933},
      archivePrefix={arXiv},
      primaryClass={cs.CL}
}
